@misc{scrum,
  author = {Schwaber, K.},
  title = {What is Scrum?},
  howpublished = {Scrum.org},
  year = {n.d.},
  note = {Retrieved September 17, 2024, from \url{https://www.scrum.org/resources/what-scrum-module}}
}

@misc{cnn,
  author = {S. Jain},
  title = {Convolutional Neural Network (CNN) in Machine Learning},
  howpublished = {\url{https://www.geeksforgeeks.org/convolutional-neural-network-cnn-in-machine-learning/}},
  year = {2024},
  month = mar,
  note = "[Online; accessed 17-September-2024]"
}